%YAML 1.1
%TAG !u! tag:unity3d.com,2011:
--- !u!1 &2520852430339738086
GameObject:
  m_ObjectHideFlags: 0
  m_CorrespondingSourceObject: {fileID: 0}
  m_PrefabInstance: {fileID: 0}
  m_PrefabAsset: {fileID: 0}
  serializedVersion: 6
  m_Component:
  - component: {fileID: 8018552001726149004}
  - component: {fileID: 5119123451006463254}
  - component: {fileID: 6484331532780215694}
  m_Layer: 0
  m_Name: Freestyle button 2
  m_TagString: Untagged
  m_Icon: {fileID: 0}
  m_NavMeshLayer: 0
  m_StaticEditorFlags: 0
  m_IsActive: 1
--- !u!4 &8018552001726149004
Transform:
  m_ObjectHideFlags: 0
  m_CorrespondingSourceObject: {fileID: 0}
  m_PrefabInstance: {fileID: 0}
  m_PrefabAsset: {fileID: 0}
  m_GameObject: {fileID: 2520852430339738086}
  serializedVersion: 2
  m_LocalRotation: {x: 0.64278764, y: 0, z: 0, w: 0.7660445}
  m_LocalPosition: {x: -1.3844937, y: 0.06618374, z: 0.003928369}
  m_LocalScale: {x: 1, y: 0.99999994, z: 0.99999994}
  m_ConstrainProportionsScale: 0
  m_Children: []
  m_Father: {fileID: 4923626361515632822}
  m_LocalEulerAnglesHint: {x: 0, y: 0, z: 0}
--- !u!33 &5119123451006463254
MeshFilter:
  m_ObjectHideFlags: 0
  m_CorrespondingSourceObject: {fileID: 0}
  m_PrefabInstance: {fileID: 0}
  m_PrefabAsset: {fileID: 0}
  m_GameObject: {fileID: 2520852430339738086}
  m_Mesh: {fileID: 6353846178406903386, guid: f344ca0ab053a784e88402900bd75d6d, type: 3}
--- !u!23 &6484331532780215694
MeshRenderer:
  m_ObjectHideFlags: 0
  m_CorrespondingSourceObject: {fileID: 0}
  m_PrefabInstance: {fileID: 0}
  m_PrefabAsset: {fileID: 0}
  m_GameObject: {fileID: 2520852430339738086}
  m_Enabled: 1
  m_CastShadows: 1
  m_ReceiveShadows: 1
  m_DynamicOccludee: 1
  m_StaticShadowCaster: 0
  m_MotionVectors: 1
  m_LightProbeUsage: 1
  m_ReflectionProbeUsage: 1
  m_RayTracingMode: 2
  m_RayTraceProcedural: 0
  m_RenderingLayerMask: 1
  m_RendererPriority: 0
  m_Materials:
  - {fileID: 2823569871026899379, guid: f344ca0ab053a784e88402900bd75d6d, type: 3}
  m_StaticBatchInfo:
    firstSubMesh: 0
    subMeshCount: 0
  m_StaticBatchRoot: {fileID: 0}
  m_ProbeAnchor: {fileID: 0}
  m_LightProbeVolumeOverride: {fileID: 0}
  m_ScaleInLightmap: 1
  m_ReceiveGI: 1
  m_PreserveUVs: 0
  m_IgnoreNormalsForChartDetection: 0
  m_ImportantGI: 0
  m_StitchLightmapSeams: 1
  m_SelectedEditorRenderState: 3
  m_MinimumChartSize: 4
  m_AutoUVMaxDistance: 0.5
  m_AutoUVMaxAngle: 89
  m_LightmapParameters: {fileID: 0}
  m_SortingLayerID: 0
  m_SortingLayer: 0
  m_SortingOrder: 0
  m_AdditionalVertexStreams: {fileID: 0}
--- !u!1 &4703372555856431661
GameObject:
  m_ObjectHideFlags: 0
  m_CorrespondingSourceObject: {fileID: 0}
  m_PrefabInstance: {fileID: 0}
  m_PrefabAsset: {fileID: 0}
  serializedVersion: 6
  m_Component:
  - component: {fileID: 5923855479999747729}
  - component: {fileID: 4533047136987467272}
  - component: {fileID: 7092556163295676098}
  m_Layer: 0
  m_Name: Freestyle button 1
  m_TagString: Untagged
  m_Icon: {fileID: 0}
  m_NavMeshLayer: 0
  m_StaticEditorFlags: 0
  m_IsActive: 1
--- !u!4 &5923855479999747729
Transform:
  m_ObjectHideFlags: 0
  m_CorrespondingSourceObject: {fileID: 0}
  m_PrefabInstance: {fileID: 0}
  m_PrefabAsset: {fileID: 0}
  m_GameObject: {fileID: 4703372555856431661}
  serializedVersion: 2
  m_LocalRotation: {x: 0.64278764, y: 0, z: 0, w: 0.7660445}
  m_LocalPosition: {x: -0.8932411, y: 0.06618374, z: 0.003928369}
  m_LocalScale: {x: 1, y: 0.99999994, z: 0.99999994}
  m_ConstrainProportionsScale: 0
  m_Children: []
  m_Father: {fileID: 4923626361515632822}
  m_LocalEulerAnglesHint: {x: 0, y: 0, z: 0}
--- !u!33 &4533047136987467272
MeshFilter:
  m_ObjectHideFlags: 0
  m_CorrespondingSourceObject: {fileID: 0}
  m_PrefabInstance: {fileID: 0}
  m_PrefabAsset: {fileID: 0}
  m_GameObject: {fileID: 4703372555856431661}
  m_Mesh: {fileID: 1050908021570271116, guid: f344ca0ab053a784e88402900bd75d6d, type: 3}
--- !u!23 &7092556163295676098
MeshRenderer:
  m_ObjectHideFlags: 0
  m_CorrespondingSourceObject: {fileID: 0}
  m_PrefabInstance: {fileID: 0}
  m_PrefabAsset: {fileID: 0}
  m_GameObject: {fileID: 4703372555856431661}
  m_Enabled: 1
  m_CastShadows: 1
  m_ReceiveShadows: 1
  m_DynamicOccludee: 1
  m_StaticShadowCaster: 0
  m_MotionVectors: 1
  m_LightProbeUsage: 1
  m_ReflectionProbeUsage: 1
  m_RayTracingMode: 2
  m_RayTraceProcedural: 0
  m_RenderingLayerMask: 1
  m_RendererPriority: 0
  m_Materials:
  - {fileID: 3263931781923126087, guid: f344ca0ab053a784e88402900bd75d6d, type: 3}
  m_StaticBatchInfo:
    firstSubMesh: 0
    subMeshCount: 0
  m_StaticBatchRoot: {fileID: 0}
  m_ProbeAnchor: {fileID: 0}
  m_LightProbeVolumeOverride: {fileID: 0}
  m_ScaleInLightmap: 1
  m_ReceiveGI: 1
  m_PreserveUVs: 0
  m_IgnoreNormalsForChartDetection: 0
  m_ImportantGI: 0
  m_StitchLightmapSeams: 1
  m_SelectedEditorRenderState: 3
  m_MinimumChartSize: 4
  m_AutoUVMaxDistance: 0.5
  m_AutoUVMaxAngle: 89
  m_LightmapParameters: {fileID: 0}
  m_SortingLayerID: 0
  m_SortingLayer: 0
  m_SortingOrder: 0
  m_AdditionalVertexStreams: {fileID: 0}
--- !u!1 &4830376486894474992
GameObject:
  m_ObjectHideFlags: 0
  m_CorrespondingSourceObject: {fileID: 0}
  m_PrefabInstance: {fileID: 0}
  m_PrefabAsset: {fileID: 0}
  serializedVersion: 6
  m_Component:
  - component: {fileID: 4923626361515632822}
  - component: {fileID: 6404563530562175075}
  m_Layer: 0
  m_Name: bezel_a10acb66
  m_TagString: Untagged
  m_Icon: {fileID: 0}
  m_NavMeshLayer: 0
  m_StaticEditorFlags: 0
  m_IsActive: 1
--- !u!4 &4923626361515632822
Transform:
  m_ObjectHideFlags: 0
  m_CorrespondingSourceObject: {fileID: 0}
  m_PrefabInstance: {fileID: 0}
  m_PrefabAsset: {fileID: 0}
  m_GameObject: {fileID: 4830376486894474992}
  serializedVersion: 2
  m_LocalRotation: {x: 0, y: 0, z: 0, w: 1}
  m_LocalPosition: {x: 0, y: 0, z: 0}
  m_LocalScale: {x: 1, y: 1, z: 1}
  m_ConstrainProportionsScale: 0
  m_Children:
  - {fileID: 5923855479999747729}
  - {fileID: 2636055017697754452}
  - {fileID: 8018552001726149004}
  - {fileID: 3534335988450940569}
  - {fileID: 3351252692641841484}
  - {fileID: 3321461062061109294}
  m_Father: {fileID: 0}
  m_LocalEulerAnglesHint: {x: 0, y: 0, z: 0}
--- !u!114 &6404563530562175075
MonoBehaviour:
  m_ObjectHideFlags: 0
  m_CorrespondingSourceObject: {fileID: 0}
  m_PrefabInstance: {fileID: 0}
  m_PrefabAsset: {fileID: 0}
  m_GameObject: {fileID: 4830376486894474992}
  m_Enabled: 1
  m_EditorHideFlags: 0
  m_Script: {fileID: 11500000, guid: 5b26d80fae96b77459ba582d102d7b1e, type: 3}
  m_Name: 
  m_EditorClassIdentifier: 
  rootObject:
    bezel_objects:
    - gltf_id: 0
      id: 38bba53c-168d-4057-8fca-d1186b05eb73
      type: Plane
      name: Freestyle button 1
      isVisible: 1
      transform: {fileID: 5923855479999747729}
      states:
        keys: []
        values: []
      interactions:
        keys: []
        values: []
      parameters:
        text: 
        fontSize: 0
        fontFamily: 
        fontWeight: 
        textAlign: 
        verticalAlign: 
        verticalTrim: 
        letterCase: 
        lineHeight: 
        letterSpacing: 0
        curveRadius: 0
        color: 
    - gltf_id: 1
      id: c9627e5d-a566-4505-821a-4d5dcc47ddf2
      type: Plane
      name: Welcome 1
      isVisible: 1
      transform: {fileID: 2636055017697754452}
      states:
        keys: []
        values: []
      interactions:
        keys: []
        values: []
      parameters:
        text: 
        fontSize: 0
        fontFamily: 
        fontWeight: 
        textAlign: 
        verticalAlign: 
        verticalTrim: 
        letterCase: 
        lineHeight: 
        letterSpacing: 0
        curveRadius: 0
        color: 
    - gltf_id: 2
      id: f2f7987f-1f55-483e-a84c-1c1da01eb4e8
      type: Plane
      name: Freestyle button 2
      isVisible: 1
      transform: {fileID: 8018552001726149004}
      states:
        keys: []
        values: []
      interactions:
        keys: []
        values: []
      parameters:
        text: 
        fontSize: 0
        fontFamily: 
        fontWeight: 
        textAlign: 
        verticalAlign: 
        verticalTrim: 
        letterCase: 
        lineHeight: 
        letterSpacing: 0
        curveRadius: 0
        color: 
    - gltf_id: 3
      id: ae382149-450e-4f7d-999b-1c75d81e862c
      type: Plane
      name: Welcome
      isVisible: 1
      transform: {fileID: 3534335988450940569}
      states:
        keys: []
        values: []
      interactions:
        keys: []
        values: []
      parameters:
        text: 
        fontSize: 0
        fontFamily: 
        fontWeight: 
        textAlign: 
        verticalAlign: 
        verticalTrim: 
        letterCase: 
        lineHeight: 
        letterSpacing: 0
        curveRadius: 0
        color: 
    - gltf_id: 4
      id: 7122d891-54b6-4f39-8677-34a775b81aa3
      type: Plane
      name: Tutorial button 2
      isVisible: 1
      transform: {fileID: 3351252692641841484}
      states:
        keys: []
        values: []
      interactions:
        keys: []
        values: []
      parameters:
        text: 
        fontSize: 0
        fontFamily: 
        fontWeight: 
        textAlign: 
        verticalAlign: 
        verticalTrim: 
        letterCase: 
        lineHeight: 
        letterSpacing: 0
        curveRadius: 0
        color: 
    - gltf_id: 5
      id: 69deb2ea-a691-4644-9b0e-80421da71907
      type: Plane
      name: Freestyle button 2
      isVisible: 1
      transform: {fileID: 3321461062061109294}
      states:
        keys: []
        values: []
      interactions:
        keys: []
        values: []
      parameters:
        text: 
        fontSize: 0
        fontFamily: 
        fontWeight: 
        textAlign: 
        verticalAlign: 
        verticalTrim: 
        letterCase: 
        lineHeight: 
        letterSpacing: 0
        curveRadius: 0
        color: 
--- !u!1 &5937747538838973774
GameObject:
  m_ObjectHideFlags: 0
  m_CorrespondingSourceObject: {fileID: 0}
  m_PrefabInstance: {fileID: 0}
  m_PrefabAsset: {fileID: 0}
  serializedVersion: 6
  m_Component:
  - component: {fileID: 3321461062061109294}
  - component: {fileID: 1842908861183968697}
  - component: {fileID: 4009360763841555013}
  m_Layer: 0
  m_Name: Freestyle button 2_0
  m_TagString: Untagged
  m_Icon: {fileID: 0}
  m_NavMeshLayer: 0
  m_StaticEditorFlags: 0
  m_IsActive: 1
--- !u!4 &3321461062061109294
Transform:
  m_ObjectHideFlags: 0
  m_CorrespondingSourceObject: {fileID: 0}
  m_PrefabInstance: {fileID: 0}
  m_PrefabAsset: {fileID: 0}
  m_GameObject: {fileID: 5937747538838973774}
  serializedVersion: 2
  m_LocalRotation: {x: 0.64278764, y: 0, z: 0, w: 0.7660445}
  m_LocalPosition: {x: -1.0855902, y: 0.6396101, z: -0.09718218}
  m_LocalScale: {x: 1, y: 0.99999994, z: 0.99999994}
  m_ConstrainProportionsScale: 0
  m_Children: []
  m_Father: {fileID: 4923626361515632822}
  m_LocalEulerAnglesHint: {x: 0, y: 0, z: 0}
--- !u!33 &1842908861183968697
MeshFilter:
  m_ObjectHideFlags: 0
  m_CorrespondingSourceObject: {fileID: 0}
  m_PrefabInstance: {fileID: 0}
  m_PrefabAsset: {fileID: 0}
  m_GameObject: {fileID: 5937747538838973774}
  m_Mesh: {fileID: 1504685076926549125, guid: f344ca0ab053a784e88402900bd75d6d, type: 3}
--- !u!23 &4009360763841555013
MeshRenderer:
  m_ObjectHideFlags: 0
  m_CorrespondingSourceObject: {fileID: 0}
  m_PrefabInstance: {fileID: 0}
  m_PrefabAsset: {fileID: 0}
  m_GameObject: {fileID: 5937747538838973774}
  m_Enabled: 1
  m_CastShadows: 1
  m_ReceiveShadows: 1
  m_DynamicOccludee: 1
  m_StaticShadowCaster: 0
  m_MotionVectors: 1
  m_LightProbeUsage: 1
  m_ReflectionProbeUsage: 1
  m_RayTracingMode: 2
  m_RayTraceProcedural: 0
  m_RenderingLayerMask: 1
  m_RendererPriority: 0
  m_Materials:
  - {fileID: -4854267140297420254, guid: f344ca0ab053a784e88402900bd75d6d, type: 3}
  m_StaticBatchInfo:
    firstSubMesh: 0
    subMeshCount: 0
  m_StaticBatchRoot: {fileID: 0}
  m_ProbeAnchor: {fileID: 0}
  m_LightProbeVolumeOverride: {fileID: 0}
  m_ScaleInLightmap: 1
  m_ReceiveGI: 1
  m_PreserveUVs: 0
  m_IgnoreNormalsForChartDetection: 0
  m_ImportantGI: 0
  m_StitchLightmapSeams: 1
  m_SelectedEditorRenderState: 3
  m_MinimumChartSize: 4
  m_AutoUVMaxDistance: 0.5
  m_AutoUVMaxAngle: 89
  m_LightmapParameters: {fileID: 0}
  m_SortingLayerID: 0
  m_SortingLayer: 0
  m_SortingOrder: 0
  m_AdditionalVertexStreams: {fileID: 0}
--- !u!1 &6692144544238411420
GameObject:
  m_ObjectHideFlags: 0
  m_CorrespondingSourceObject: {fileID: 0}
  m_PrefabInstance: {fileID: 0}
  m_PrefabAsset: {fileID: 0}
  serializedVersion: 6
  m_Component:
  - component: {fileID: 2636055017697754452}
  - component: {fileID: 6668444923743827104}
  - component: {fileID: 5272025781867791336}
  m_Layer: 0
  m_Name: Welcome 1
  m_TagString: Untagged
  m_Icon: {fileID: 0}
  m_NavMeshLayer: 0
  m_StaticEditorFlags: 0
  m_IsActive: 1
--- !u!4 &2636055017697754452
Transform:
  m_ObjectHideFlags: 0
  m_CorrespondingSourceObject: {fileID: 0}
  m_PrefabInstance: {fileID: 0}
  m_PrefabAsset: {fileID: 0}
  m_GameObject: {fileID: 6692144544238411420}
  serializedVersion: 2
  m_LocalRotation: {x: 0.64278764, y: 0, z: 0, w: 0.7660445}
  m_LocalPosition: {x: -1.0381503, y: 0.26532966, z: -0.046784777}
  m_LocalScale: {x: 1, y: 0.99999994, z: 0.99999994}
  m_ConstrainProportionsScale: 0
  m_Children: []
  m_Father: {fileID: 4923626361515632822}
  m_LocalEulerAnglesHint: {x: 0, y: 0, z: 0}
--- !u!33 &6668444923743827104
MeshFilter:
  m_ObjectHideFlags: 0
  m_CorrespondingSourceObject: {fileID: 0}
  m_PrefabInstance: {fileID: 0}
  m_PrefabAsset: {fileID: 0}
  m_GameObject: {fileID: 6692144544238411420}
  m_Mesh: {fileID: -4926770370004109585, guid: f344ca0ab053a784e88402900bd75d6d, type: 3}
--- !u!23 &5272025781867791336
MeshRenderer:
  m_ObjectHideFlags: 0
  m_CorrespondingSourceObject: {fileID: 0}
  m_PrefabInstance: {fileID: 0}
  m_PrefabAsset: {fileID: 0}
  m_GameObject: {fileID: 6692144544238411420}
  m_Enabled: 1
  m_CastShadows: 1
  m_ReceiveShadows: 1
  m_DynamicOccludee: 1
  m_StaticShadowCaster: 0
  m_MotionVectors: 1
  m_LightProbeUsage: 1
  m_ReflectionProbeUsage: 1
  m_RayTracingMode: 2
  m_RayTraceProcedural: 0
  m_RenderingLayerMask: 1
  m_RendererPriority: 0
  m_Materials:
  - {fileID: 241276337027941156, guid: f344ca0ab053a784e88402900bd75d6d, type: 3}
  m_StaticBatchInfo:
    firstSubMesh: 0
    subMeshCount: 0
  m_StaticBatchRoot: {fileID: 0}
  m_ProbeAnchor: {fileID: 0}
  m_LightProbeVolumeOverride: {fileID: 0}
  m_ScaleInLightmap: 1
  m_ReceiveGI: 1
  m_PreserveUVs: 0
  m_IgnoreNormalsForChartDetection: 0
  m_ImportantGI: 0
  m_StitchLightmapSeams: 1
  m_SelectedEditorRenderState: 3
  m_MinimumChartSize: 4
  m_AutoUVMaxDistance: 0.5
  m_AutoUVMaxAngle: 89
  m_LightmapParameters: {fileID: 0}
  m_SortingLayerID: 0
  m_SortingLayer: 0
  m_SortingOrder: 0
  m_AdditionalVertexStreams: {fileID: 0}
--- !u!1 &6925449387821221518
GameObject:
  m_ObjectHideFlags: 0
  m_CorrespondingSourceObject: {fileID: 0}
  m_PrefabInstance: {fileID: 0}
  m_PrefabAsset: {fileID: 0}
  serializedVersion: 6
  m_Component:
  - component: {fileID: 3534335988450940569}
  - component: {fileID: 1584782747459440644}
  - component: {fileID: 8537881457091800635}
  m_Layer: 0
  m_Name: Figma Frame
  m_TagString: Untagged
  m_Icon: {fileID: 0}
  m_NavMeshLayer: 0
  m_StaticEditorFlags: 0
  m_IsActive: 1
--- !u!4 &3534335988450940569
Transform:
  m_ObjectHideFlags: 0
  m_CorrespondingSourceObject: {fileID: 0}
  m_PrefabInstance: {fileID: 0}
  m_PrefabAsset: {fileID: 0}
  m_GameObject: {fileID: 6925449387821221518}
  serializedVersion: 2
  m_LocalRotation: {x: 0.64278764, y: 0, z: 0, w: 0.7660445}
  m_LocalPosition: {x: -2.1107128, y: 0.2861511, z: -0.050456163}
  m_LocalScale: {x: 1, y: 0.99999994, z: 0.99999994}
  m_ConstrainProportionsScale: 0
  m_Children: []
  m_Father: {fileID: 4923626361515632822}
  m_LocalEulerAnglesHint: {x: 0, y: 0, z: 0}
--- !u!33 &1584782747459440644
MeshFilter:
  m_ObjectHideFlags: 0
  m_CorrespondingSourceObject: {fileID: 0}
  m_PrefabInstance: {fileID: 0}
  m_PrefabAsset: {fileID: 0}
  m_GameObject: {fileID: 6925449387821221518}
  m_Mesh: {fileID: 6626584385738647817, guid: f344ca0ab053a784e88402900bd75d6d, type: 3}
--- !u!23 &8537881457091800635
MeshRenderer:
  m_ObjectHideFlags: 0
  m_CorrespondingSourceObject: {fileID: 0}
  m_PrefabInstance: {fileID: 0}
  m_PrefabAsset: {fileID: 0}
  m_GameObject: {fileID: 6925449387821221518}
  m_Enabled: 1
  m_CastShadows: 1
  m_ReceiveShadows: 1
  m_DynamicOccludee: 1
  m_StaticShadowCaster: 0
  m_MotionVectors: 1
  m_LightProbeUsage: 1
  m_ReflectionProbeUsage: 1
  m_RayTracingMode: 2
  m_RayTraceProcedural: 0
  m_RenderingLayerMask: 1
  m_RendererPriority: 0
  m_Materials:
  - {fileID: -3917835461757844354, guid: f344ca0ab053a784e88402900bd75d6d, type: 3}
  m_StaticBatchInfo:
    firstSubMesh: 0
    subMeshCount: 0
  m_StaticBatchRoot: {fileID: 0}
  m_ProbeAnchor: {fileID: 0}
  m_LightProbeVolumeOverride: {fileID: 0}
  m_ScaleInLightmap: 1
  m_ReceiveGI: 1
  m_PreserveUVs: 0
  m_IgnoreNormalsForChartDetection: 0
  m_ImportantGI: 0
  m_StitchLightmapSeams: 1
  m_SelectedEditorRenderState: 3
  m_MinimumChartSize: 4
  m_AutoUVMaxDistance: 0.5
  m_AutoUVMaxAngle: 89
  m_LightmapParameters: {fileID: 0}
  m_SortingLayerID: 0
  m_SortingLayer: 0
  m_SortingOrder: 0
  m_AdditionalVertexStreams: {fileID: 0}
--- !u!1 &9222370299046163431
GameObject:
  m_ObjectHideFlags: 0
  m_CorrespondingSourceObject: {fileID: 0}
  m_PrefabInstance: {fileID: 0}
  m_PrefabAsset: {fileID: 0}
  serializedVersion: 6
  m_Component:
  - component: {fileID: 3351252692641841484}
  - component: {fileID: 7321275879083569024}
  - component: {fileID: 8431076045610236531}
  m_Layer: 0
  m_Name: Tutorial button 2
  m_TagString: Untagged
  m_Icon: {fileID: 0}
  m_NavMeshLayer: 0
  m_StaticEditorFlags: 0
  m_IsActive: 1
--- !u!4 &3351252692641841484
Transform:
  m_ObjectHideFlags: 0
  m_CorrespondingSourceObject: {fileID: 0}
  m_PrefabInstance: {fileID: 0}
  m_PrefabAsset: {fileID: 0}
  m_GameObject: {fileID: 9222370299046163431}
  serializedVersion: 2
  m_LocalRotation: {x: 0.64278764, y: 0, z: 0, w: 0.7660445}
  m_LocalPosition: {x: -0.787683, y: 0.6418391, z: -0.09730412}
  m_LocalScale: {x: 1, y: 0.99999994, z: 0.99999994}
  m_ConstrainProportionsScale: 0
  m_Children: []
  m_Father: {fileID: 4923626361515632822}
  m_LocalEulerAnglesHint: {x: 0, y: 0, z: 0}
--- !u!33 &7321275879083569024
MeshFilter:
  m_ObjectHideFlags: 0
  m_CorrespondingSourceObject: {fileID: 0}
  m_PrefabInstance: {fileID: 0}
  m_PrefabAsset: {fileID: 0}
  m_GameObject: {fileID: 9222370299046163431}
  m_Mesh: {fileID: 507335340564709042, guid: f344ca0ab053a784e88402900bd75d6d, type: 3}
--- !u!23 &8431076045610236531
MeshRenderer:
  m_ObjectHideFlags: 0
  m_CorrespondingSourceObject: {fileID: 0}
  m_PrefabInstance: {fileID: 0}
  m_PrefabAsset: {fileID: 0}
  m_GameObject: {fileID: 9222370299046163431}
  m_Enabled: 1
  m_CastShadows: 1
  m_ReceiveShadows: 1
  m_DynamicOccludee: 1
  m_StaticShadowCaster: 0
  m_MotionVectors: 1
  m_LightProbeUsage: 1
  m_ReflectionProbeUsage: 1
  m_RayTracingMode: 2
  m_RayTraceProcedural: 0
  m_RenderingLayerMask: 1
  m_RendererPriority: 0
  m_Materials:
  - {fileID: 510232050658266400, guid: f344ca0ab053a784e88402900bd75d6d, type: 3}
  m_StaticBatchInfo:
    firstSubMesh: 0
    subMeshCount: 0
  m_StaticBatchRoot: {fileID: 0}
  m_ProbeAnchor: {fileID: 0}
  m_LightProbeVolumeOverride: {fileID: 0}
  m_ScaleInLightmap: 1
  m_ReceiveGI: 1
  m_PreserveUVs: 0
  m_IgnoreNormalsForChartDetection: 0
  m_ImportantGI: 0
  m_StitchLightmapSeams: 1
  m_SelectedEditorRenderState: 3
  m_MinimumChartSize: 4
  m_AutoUVMaxDistance: 0.5
  m_AutoUVMaxAngle: 89
  m_LightmapParameters: {fileID: 0}
  m_SortingLayerID: 0
  m_SortingLayer: 0
  m_SortingOrder: 0
  m_AdditionalVertexStreams: {fileID: 0}
